@String(PAMI = {IEEE Trans. Pattern Anal. Mach. Intell.})
@String(IJCV = {Int. J. Comput. Vis.})
@String(CVPR= {IEEE Conf. Comput. Vis. Pattern Recog.})
@String(ICCV= {Int. Conf. Comput. Vis.})
@String(ECCV= {Eur. Conf. Comput. Vis.})
@String(NIPS= {Adv. Neural Inform. Process. Syst.})
@String(ICPR = {Int. Conf. Pattern Recog.})
@String(BMVC= {Brit. Mach. Vis. Conf.})
@String(TOG= {ACM Trans. Graph.})
@String(TIP  = {IEEE Trans. Image Process.})
@String(TVCG  = {IEEE Trans. Vis. Comput. Graph.})
@String(TMM  = {IEEE Trans. Multimedia})
@String(ACMMM= {ACM Int. Conf. Multimedia})
@String(ICME = {Int. Conf. Multimedia and Expo})
@String(ICASSP=	{ICASSP})
@String(ICIP = {IEEE Int. Conf. Image Process.})
@String(ACCV  = {ACCV})
@String(ICLR = {Int. Conf. Learn. Represent.})
@String(IJCAI = {IJCAI})
@String(PR   = {Pattern Recognition})
@String(AAAI = {AAAI})
@String(CVPRW= {IEEE Conf. Comput. Vis. Pattern Recog. Worksh.})
@String(CSVT = {IEEE Trans. Circuit Syst. Video Technol.})

@String(SPL	= {IEEE Sign. Process. Letters})
@String(VR   = {Vis. Res.})
@String(JOV	 = {J. Vis.})
@String(TVC  = {The Vis. Comput.})
@String(JCST  = {J. Comput. Sci. Tech.})
@String(CGF  = {Comput. Graph. Forum})
@String(CVM = {Computational Visual Media})


@String(PAMI  = {IEEE TPAMI})
@String(IJCV  = {IJCV})
@String(CVPR  = {CVPR})
@String(ICCV  = {ICCV})
@String(ECCV  = {ECCV})
@String(NIPS  = {NeurIPS})
@String(ICPR  = {ICPR})
@String(BMVC  =	{BMVC})
@String(TOG   = {ACM TOG})
@String(TIP   = {IEEE TIP})
@String(TVCG  = {IEEE TVCG})
@String(TCSVT = {IEEE TCSVT})
@String(TMM   =	{IEEE TMM})
@String(ACMMM = {ACM MM})
@String(ICME  =	{ICME})
@String(ICASSP=	{ICASSP})
@String(ICIP  = {ICIP})
@String(ACCV  = {ACCV})
@String(ICLR  = {ICLR})
@String(IJCAI = {IJCAI})
@String(PR = {PR})
@String(AAAI = {AAAI})
@String(CVPRW= {CVPRW})
@String(CSVT = {IEEE TCSVT})



@article{Kim_Lee_Hwang_Suh_2019, title={Crash to Not Crash: Learn to Identify Dangerous Vehicles Using a Simulator}, volume={33}, url={https://ojs.aaai.org/index.php/AAAI/article/view/3887}, DOI={10.1609/aaai.v33i01.3301978}, abstractNote={&lt;p&gt;Developing a computer vision-based algorithm for identifying dangerous vehicles requires a large amount of labeled accident data, which is difficult to collect in the real world. To tackle this challenge, we first develop a synthetic data generator built on top of a driving simulator. We then observe that the synthetic labels that are generated based on simulation results are very noisy, resulting in poor classification performance. In order to improve the quality of synthetic labels, we propose a new label adaptation technique that first extracts internal states of vehicles from the underlying driving simulator, and then refines labels by predicting future paths of vehicles based on a well-studied motion model. Via real-data experiments, we show that our dangerous vehicle classifier can reduce the missed detection rate by at least 18&lt;em&gt;.&lt;/em&gt;5% compared with those trained with real data when time-to-collision is between 1&lt;em&gt;.&lt;/em&gt;6s and 1&lt;em&gt;.&lt;/em&gt;8s.&lt;/p&gt;}, number={01}, journal={Proceedings of the AAAI Conference on Artificial Intelligence}, author={Kim, Hoon and Lee, Kangwook and Hwang, Gyeongjo and Suh, Changho}, year={2019}, month={Jul.}, pages={978-985} }

@InProceedings{Feng_2024_CVPR,
    author    = {Feng, Chengjian and Zhong, Yujie and Jie, Zequn and Xie, Weidi and Ma, Lin},
    title     = {InstaGen: Enhancing Object Detection by Training on Synthetic Dataset},
    booktitle = {Proceedings of the IEEE/CVF Conference on Computer Vision and Pattern Recognition (CVPR)},
    month     = {June},
    year      = {2024},
    pages     = {14121-14130}
}

@article{constantin2017gerstner,
  title={Gerstner waves in the presence of mean currents and rotation},
  author={Constantin, Adrian and Monismith, Stephen G},
  journal={Journal of Fluid Mechanics},
  volume={820},
  pages={511--528},
  year={2017},
  publisher={Cambridge University Press}
}

@misc{QuixelMegascans,
  author = "{Quixel Megascans}",
  title = "{Quixel Megascans: Photorealistic 3D Asset Library}",
  year = {2025},
  url = {https://quixel.com/megascans},
  note = "Accessed: 07-Mar-2025"
}

@misc{UltraDynamicSky,
  author = "{Everett Gunther}",
  title = "{Ultra Dynamic Sky}",
  year = {2025},
  url = {https://www.fab.com/listings/84fda27a-c79f-49c9-8458-82401fb37cfb},
  note = "Accessed: 07-Mar-2025"
}

@misc{richter2021enhancingphotorealismenhancement,
      title={Enhancing Photorealism Enhancement}, 
      author={Stephan R. Richter and Hassan Abu AlHaija and Vladlen Koltun},
      year={2021},
      eprint={2105.04619},
      archivePrefix={arXiv},
      primaryClass={cs.CV},
      url={https://arxiv.org/abs/2105.04619}, 
}

@online{EpicGames2024,
  author       = {Epic Games},
  title        = {Unreal Engine 5.4 is now available},
  year         = 2024,
  url          = {https://www.unrealengine.com/en-US/blog/unreal-engine-5-4-is-now-available},
  note         = {Accessed: 2025-03-10}
}

@online{PythonSoftwareFoundation2022,
  author       = {Python Software Foundation},
  title        = {Python 3.11.0 Release},
  year         = 2022,
  url          = {https://www.python.org/downloads/release/python-3110/},
  note         = {Accessed: 2025-03-10}
}

@online{StockCake2025,
  author       = {StockCake},
  title        = {Captivating Free Images for Every Occasion},
  year         = 2025,
  url          = {https://stockcake.com/},
  note         = {Accessed: 2025-03-10}
}